<record><leader>00000cas a22000007a 4500</leader><controlfield tag="001">16829072</controlfield><controlfield tag="008">871008d1909191umsuwr ne      0    0eng d</controlfield><datafield ind1=" " ind2=" " tag="010"><subfield code="a">sn 88067014 </subfield></datafield><datafield ind1=" " ind2=" " tag="040"><subfield code="a">MFM</subfield><subfield code="b">eng</subfield><subfield code="c">MFM</subfield><subfield code="d">MSJ</subfield><subfield code="d">OCL</subfield><subfield code="d">OCLCQ</subfield></datafield><datafield ind1=" " ind2=" " tag="042"><subfield code="a">msc</subfield></datafield><datafield ind1="0" ind2=" " tag="130"><subfield code="a">Houston post (Houston, Miss. : 1909)</subfield></datafield><datafield ind1="1" ind2="0" tag="245"><subfield code="a">Houston post.</subfield></datafield><datafield ind1=" " ind2=" " tag="260"><subfield code="a">Houston, Miss. :</subfield><subfield code="b">H. Richard Smith,</subfield><subfield code="c">1909-</subfield></datafield><datafield ind1=" " ind2=" " tag="310"><subfield code="a">Weekly</subfield></datafield><datafield ind1="0" ind2=" " tag="362"><subfield code="a">Vol. 6, no. 35 (Aug. 27, 1909)-</subfield></datafield><datafield ind1=" " ind2=" " tag="752"><subfield code="a">United States</subfield><subfield code="b">Mississippi</subfield><subfield code="c">Chickasaw</subfield><subfield code="d">Houston.</subfield></datafield><datafield ind1="0" ind2="0" tag="780"><subfield code="t">Houston advocate</subfield><subfield code="w">(OCoLC)16829031</subfield></datafield><datafield ind1="0" ind2="7" tag="785"><subfield code="t">Chickasaw County times (Houston, Miss.)</subfield><subfield code="w">(OCoLC)16827104</subfield></datafield><datafield ind1="0" ind2="7" tag="785"><subfield code="t">Times-post</subfield><subfield code="w">(OCoLC)10014121</subfield></datafield></record>